@article{ Rourke85,
        author = {Colin Rourke},
        title = "A new proof that {\textOmega}$_3$ is zero",
        journal = {J. London Math. Soc.},
        volume = {(2) 31},
        year = {1985},
        pages = {373-376}
}

@article{ Lau00,
	author = {Gerd Laures},
	title = "On Cobordisms of Manifolds With Corners",
	journal = {Transactions of the American Mathematical Society},
	volume = {(12) 352},
	year = "2000",
	pages = {5667–5688}
}

@article{ PoonRub98,
        author = {Bjorn Poonen and Michael Rubinstein},
        title = "The number of intersection points made by the diagonals of a regular polygon",
        journal = "{SIAM} Journal on Discrete Mathematics",
        volume = "(1) 11",
        pages = "135-156",
        year = "1998"
}

@online{ GayKirby14,
        author = "David Gay and Robion Kirby",
        title = "Indefinite {M}orse 2-functions; broken fibrations and generalizations",
        note = {\href{http://arxiv.org/pdf/1102.0750v5.pdf}{Available on arxiv}},
        year = "2014"
}

@online{ davis,
	author="Jim Davis",
	title="Smooth structures, the gluing lemma,
	straightening corners, surgery, and handles; Lecture notes for Math 623",
	note={\href{http://www.indiana.edu/~jfdavis/notes/m623/smooth_structures_and_handles.pdf}{Available at indiana.edu}}
}

@online{ JSP,
	author = "Christopher J. Schommer-Pries",
	title = "The Classification of Two-Dimensional Extended Topological Field Theories",
	note = {\href{https://arxiv.org/abs/1112.1000v2}},
	year = "2014"
}


@online{ Cost05,
	author = "Franceso Costantino",
	title = "A short introduction to shadows of 4--manifolds",
	note = {\href{https://arxiv.org/abs/math/0405582}{Available on arxiv}},
	year = "2005"
}

@unpublished{ Turaev91,
        author = "Vladimir Turaev",
        title = "Topology of Shadows",
        note = "Preprint",
        year = "1991"
}


@article{  CostThur08,
        author = "Francesco Costantino and Dylan Thurston",
        title = "3-manifolds efficiently bound 4-manifolds",
        journal = "Journal of Topology",
        volume = "(3) 1",
        year = "2008"
}

@article{ Hirsch61,
        author = "Morris Hirsch",
        title = "Immersions of almost parallelizable manifolds",
        journal = "Proc. Amer. Math. Soc.",
        volume = "12",
        year = "1961",
        pages = "845–846"
}

@book{	Hirsch67,
		author = "Morris Hirsch",
		title = "Differential Topology",
		publisher = "Springer",
		year = "1967"	
}

@article{  Rokhlin65,
        author = "Vladimir Rokhlin",
        title = "The embedding of non-orientable three-manifolds into five-dimensional Euclidean space",
        journal = "Dokl. Akad. Nauk SSSR",
        volume = "160",
        year = "1965",
        pages = "549–551"
}

@article{  Wall65,
        author = "Charles Terence Clegg Wall",
        title = "All 3-manifolds imbed in 5-space",
        journal = "Bull. Amer. Math. Soc.",
        volume = "71",
        year = "1965",
        pages = "564–567"
}

@book{	GompStip,
		author = "Robert Gompf and Andr\`as Stipsicz",
		title = "4--Manifolds and {K}irby Calculus",
		publisher = "American Mathematical Society",
		year = "1999"
}

@book{	MilnStas,
		author = "John Milnor and James Stasheff",
		title = "Characteristic Classes",
		publisher = "Princeton University Press",
		Year = "1974"
}

@book{	Lee00,
		author = "John M. Lee",
		title = "Introduction to Smooth Manifolds",
		publisher = "Springer",
		Year = "2000"
}

@article{	Miln65,
			author = "John Milnor",
			title = "Lectures on the h-Cobordism Theorem",
			journal = "notes by L. Siebenmann and J. Sondow",
			publisher = "Princeton University Press",
			year = "1965"
}

@book{  Miln63,
  author = "John Milnor",
  title = "Morse Theory",
  publisher = "Princeton University Press",
  year = "1963"
}

@book{	Kosi93,
		author = "Antoni Kosinski",
		title = "Differential Manifolds",
		publisher = "Academic Press, Inc.",
		year = "1993"
}

@book{	Rolf76,
	author = "Dale Rolfsen",
	title = "Knots and Links",
	publisher = "AMS Chelsea Publishing",
	year = "1976
}

@article{ Whit40,
  author = "John Henry Constantine Whitehead",
  title = "On \emph{C}$^1$ Complexes",
  journal = "Annals of Mathematics",
  volume = "Second Series, (41) 4",
  year = "1940",
  pages = "809-824"
}

@book{ HirsMazu,
  author = "Morris Hirsch and Barry Mazur",
  title = "Smoothing of Piecewise Linear Manifolds",
  publisher = "Princeton University Press"
}

@book{ Saeki,
	author = "Osamu Saeki",
	title = "Topology of Singular Fibers of Differentiable Maps",
	series = "Lecture Notes in Mathematics 1854",
	publisher = "Springer",
	year = "2004"
}

@article{ Saeki91,
	author = "Osamu Saeki",
	title = "Topology of special generic maps of manifolds into Euclidean spaces",
	journal = "Topology and its Applications",
	volume = "49",
	year = "1993",
	pages = "265-293"
}

@article{ Levine65,
	author = "Harold Levine",
	title = "Elimination of Cusps",
	journal = "Topology",
	volume = "3",
	number = "2",
	pages = "263-296",
	year = "1965."
}

@article{ Whit55,
	author = Hassler Whitney",
	title = "On singularities of mappings of Euclidean spaces-I; Mappings of the plane into the plane",
	journal = "Annals of Mathematics",
	volume = "62",
	year = "1955",
	pages = "374-410"
}


@article{ SchlWald,
	author = "Saul Schleimer",
	title = "Waldhausen's Theorem",
	journal = "Geometry \& Topology Monographs",
	volume = "12",
	year = "2007",
	pages = "299–317"	
}


@article{ Thom,
	author = "Ren\'e Thom",
	title = "Quelques propriétés globales des variétés différentiables",
	journal = "Commentarii Mathematici Helvetici",
	volume = "38",
	pages = "17-86",
	year = "1954"	
}

@misc{ regina,
	author = "Benjamin Burton and Ryan Budney and William Pettersson and others",
	title = "Regina: Software for low-dimensional topology",
	howpublished = {{\tt http://\allowbreak regina.\allowbreak sourceforge.\allowbreak net/}},
	year = {1999--2016}
}

@article{ wbr61,
	author = "William Bernard Raymond Lickorish",
	title = "A representation of orientable combinatorial 3--manifolds",
	journal = "Annals of Mathematics",
	volume = "73",
	number = "3",
	year = "1962"	
}